@misc{duan2023randomized,
      title={A Randomized Algorithm for Single-Source Shortest Path on Undirected Real-Weighted Graphs}, 
      author={Ran Duan and Jiayi Mao and Xinkai Shu and Longhui Yin},
      year={2023},
      eprint={2307.04139},
      archivePrefix={arXiv},
      primaryClass={cs.DS}
}
